<record><leader>00000cas a2200000 a 4500</leader><controlfield tag="001">1776503</controlfield><controlfield tag="008">751101d18401915mduwr ne      0    0eng c</controlfield><datafield ind1=" " ind2=" " tag="010"><subfield code="a">sn 93060367 </subfield></datafield><datafield ind1=" " ind2=" " tag="040"><subfield code="a">MUL</subfield><subfield code="b">eng</subfield><subfield code="c">MUL</subfield><subfield code="d">BTI</subfield><subfield code="d">OCL</subfield><subfield code="d">MQN</subfield><subfield code="d">NVJ</subfield><subfield code="d">NVK</subfield><subfield code="d">OCL</subfield><subfield code="d">ATL</subfield><subfield code="d">OCL</subfield><subfield code="d">NYP</subfield><subfield code="d">WIH</subfield><subfield code="d">DLC</subfield><subfield code="d">OCLCQ</subfield><subfield code="d">OCLCF</subfield></datafield><datafield ind1=" " ind2=" " tag="019"><subfield code="a">12460303</subfield></datafield><datafield ind1="1" ind2=" " tag="029"><subfield code="a">AU@</subfield><subfield code="b">000011577408</subfield></datafield><datafield ind1=" " ind2=" " tag="042"><subfield code="a">pcc</subfield></datafield><datafield ind1=" " ind2=" " tag="043"><subfield code="a">n-us-md</subfield></datafield><datafield ind1=" " ind2="4" tag="050"><subfield code="a">BX8001</subfield></datafield><datafield ind1="0" ind2=" " tag="130"><subfield code="a">Lutheran observer (Baltimore, Md. : 1840)</subfield></datafield><datafield ind1="1" ind2="4" tag="245"><subfield code="a">The Lutheran observer.</subfield></datafield><datafield ind1="1" ind2="3" tag="246"><subfield code="a">Observer</subfield></datafield><datafield ind1=" " ind2=" " tag="260"><subfield code="a">Baltimore, Md. :</subfield><subfield code="b">B. Kurtz,</subfield><subfield code="c">1840-1915.</subfield></datafield><datafield ind1=" " ind2=" " tag="300"><subfield code="a">77 v. ;</subfield><subfield code="c">22-67 cm.</subfield></datafield><datafield ind1=" " ind2=" " tag="310"><subfield code="a">Weekly</subfield></datafield><datafield ind1="0" ind2=" " tag="362"><subfield code="a">Vol. 7, no. 27 (Mar. 5, 1840)-v. 83, no. 43 (Oct. 22, 1915) = Whole no. 339-whole no. 9293.</subfield></datafield><datafield ind1=" " ind2=" " tag="500"><subfield code="a">Title from caption.</subfield></datafield><datafield ind1=" " ind2=" " tag="500"><subfield code="a">Publisher varies: Rev. George Diehl, Rev. F.R. Anspach, and T. Newton Kurtz &lt;Feb. 11, 1859-July 29, 1859-&gt;</subfield></datafield><datafield ind1=" " ind2=" " tag="500"><subfield code="a">Issues for &lt;Jan. 1, 1904&gt;- published in Lancaster and Philadelphia, Pa.</subfield></datafield><datafield ind1=" " ind2=" " tag="530"><subfield code="a">Also issued on microfilm by American Theological Library Association.</subfield></datafield><datafield ind1=" " ind2=" " tag="580"><subfield code="a">Merged with: Lutheran church work (Harrisburg, Pa.), to form: Lutheran church work and observer.</subfield></datafield><datafield ind1=" " ind2="0" tag="650"><subfield code="a">Lutheran Church</subfield><subfield code="v">Newspapers.</subfield></datafield><datafield ind1=" " ind2="0" tag="650"><subfield code="a">Lutherans</subfield><subfield code="z">Maryland</subfield><subfield code="v">Newspapers.</subfield></datafield><datafield ind1=" " ind2="0" tag="651"><subfield code="a">Baltimore (Md.)</subfield><subfield code="v">Newspapers.</subfield></datafield><datafield ind1=" " ind2="7" tag="655"><subfield code="a">Newspapers.</subfield><subfield code="2">fast</subfield><subfield code="0">(OCoLC)fst01423814</subfield></datafield><datafield ind1=" " ind2="7" tag="650"><subfield code="a">Lutheran Church.</subfield><subfield code="2">fast</subfield><subfield code="0">(OCoLC)fst01003996</subfield></datafield><datafield ind1=" " ind2="7" tag="650"><subfield code="a">Lutherans.</subfield><subfield code="2">fast</subfield><subfield code="0">(OCoLC)fst01004072</subfield></datafield><datafield ind1=" " ind2="7" tag="651"><subfield code="a">Maryland.</subfield><subfield code="2">fast</subfield><subfield code="0">(OCoLC)fst01204739</subfield></datafield><datafield ind1=" " ind2="7" tag="651"><subfield code="a">Maryland</subfield><subfield code="z">Baltimore.</subfield><subfield code="2">fast</subfield><subfield code="0">(OCoLC)fst01204292</subfield></datafield><datafield ind1=" " ind2=" " tag="752"><subfield code="a">United States</subfield><subfield code="b">Maryland</subfield><subfield code="d">Baltimore.</subfield></datafield><datafield ind1="1" ind2=" " tag="776"><subfield code="c">Microfilm</subfield><subfield code="d">American Theological Library Association</subfield><subfield code="w">(DLC)   00221276</subfield><subfield code="w">(OCoLC)9540564</subfield></datafield><datafield ind1="0" ind2="8" tag="776"><subfield code="i">Online version:</subfield><subfield code="t">Lutheran observer (Baltimore, Md. : 1840)</subfield><subfield code="w">(OCoLC)707194461</subfield></datafield><datafield ind1="0" ind2="0" tag="780"><subfield code="t">Lutheran observer and weekly religious and literary visiter</subfield><subfield code="w">(DLC)sn 93060368</subfield><subfield code="w">(OCoLC)7639375</subfield></datafield><datafield ind1="0" ind2="5" tag="780"><subfield code="t">Lutheran evangelist</subfield><subfield code="x">2324-6650</subfield><subfield code="w">(DLC)sn 91074513</subfield><subfield code="w">(OCoLC)24452194</subfield></datafield><datafield ind1="1" ind2="7" tag="785"><subfield code="t">Lutheran church work (Harrisburg, Pa.)</subfield><subfield code="w">(DLC)sn 93060364</subfield><subfield code="w">(OCoLC)7639281</subfield></datafield><datafield ind1="1" ind2="7" tag="785"><subfield code="t">Lutheran church work and observer</subfield><subfield code="w">(DLC)sn 93060363</subfield><subfield code="w">(OCoLC)1713881</subfield></datafield></record>